@unpublished{programming-langauges-cpp-n3690,
  title = {Programming Languages---{C++}},
  author = {{ISO}},
  note = {N3690},
  year = 2013,
  month = may,
}

@book{effective-cpp,
  author = {Scott Meyers},
  title = {Effective {C++}: 55 Specific Ways to Improve Your Programs and Designs},
  year = 2005,
  isbn = {0321334876},
  edition = {3rd},
  publisher = {Addison Wesley},
}

@misc{llvm,
  author = {LLVM Team},
  title = {The {LLVM} Compiler Infrastructure},
  year = 2015,
  month = dec,
  howpublished = {\url{http://llvm.org/}},
}

@inproceedings{2008-cc-zhao,
  author = {Qin Zhao and
            Rodric M. Rabbah and
            Saman P. Amarasinghe and
            Larry Rudolph and
            Weng{-}Fai Wong},
  title = {How to Do a Million Watchpoints: Efficient Debugging Using Dynamic
           Instrumentation},
  booktitle = {{CC}},
  year = {2008},
  pages = {147--162},
}

@inproceedings{2010-cc-zhao,
  author = {Qin Zhao and
            Derek Bruening and
            Saman P. Amarasinghe},
  title = {Umbra: Efficient and Scalable Memory Shadowing},
  booktitle = {{CC}},
  year = {2010},
  pages = {22--31},
}

@inproceedings{2011-cgo-bruening,
  author = {Derek Bruening and
            Qin Zhao},
  title = {Practical memory checking with {Dr. Memory}},
  booktitle = {{CC}},
  year = {2011},
  pages = {213--223},
}

@inproceedings{2012-usenix-serebryany,
  author = {Konstantin Serebryany and
            Derek Bruening and
            Alexander Potapenko and
            Dmitriy Vyukov},
  title = {{AddressSanitizer}: {A} Fast Address Sanity Checker},
  booktitle = {{USENIX} Annual Technical Conference},
  year = {2012},
  pages = {309--318},
}

@inproceedings{2015-cgo-stepanov,
  author = {Evgeniy Stepanov and
            Konstantin Serebryany},
  title = {{MemorySanitizer}: Fast Detector of Uninitialized Memory use in {C++}},
  booktitle = {{CGO}},
  year = {2015},
  pages = {46--55},
}

@mastersthesis{meng-tschantz,
  author = {Matthew S. Tschantz},
  title = {Javari: Adding Reference Immutability to {Java}},
  school = {Massachusetts Institute of Technology},
  year = 2006,
}

@inproceedings{oopsla-2005-p211-tschantz,
  author = {Matthew S. Tschantz and Michael D. Ernst},
  title = {Javari: Adding Reference Immutability to {Java}},
  booktitle = {OOPSLA},
  year = 2005,
  month = oct,
  pages = {211--230},
}

@inproceedings{cc-2011-p104-pearce,
  author = {David J. Pearce},
  title = {{JPure}: A Modular Purity System for {Java}},
  booktitle = {CC},
  year = 2011,
  pages = {104--123},
}

@inproceedings{oopsla-2012-p879-huang,
   author = {Wei Huang and Ana Milanova and Werner Dietl and Michael D. Ernst},
   title = {{ReIm} \& {ReImInfer}: Checking and inference of reference
	immutability and method purity},
   booktitle = {OOPSLA},
   year = {2012}
}

@inproceedings{vmcai-2005-p199-salcianu,
  author = {Alexandru Salcianu and Martin C. Rinard},
  title = {Purity and Side Effect Analysis for {Java} Programs},
  booktitle = {VMCAI},
  year = 2005,
  month = jan,
  pages = {199--215},
}

@phdthesis{phd-2006-salcianu,
  author = {Alexandru Salcianu},
  advisor = {Martin Rinard},
  title = {Pointer Analysis for {Java} Programs: Novel Techniques and Applications},
  school = {MIT},
  year = 2006,
  publisher = {MIT},
}

@inproceedings{ftfjp-2013-rytz,
  title = {A Flow-Insensitive, Modular Effect System for Purity},
  author = {Lukas Rytz and Nada Amin and Martin Odersky},
  booktitle = {FTFJP},
  year = 2013,
  month = jul,
}

@inproceedings{asplos-2015-chisnall-p117,
  title = {Beyond the {PDP-11:} Architectural Support for a Memory-Safe {C}
           Abstract Machine},
  author = {David Chisnall and Colin Rothwell and Robert N. M. Watson and
            Jonathan Woodruff and Munraj Vadera and Simon W. Moore and
            Michael Roe and Brooks Davis and Peter G. Neumann},
  booktitle = {ASPLOS},
  year = 2015
}

@inproceedings{ase-2007-p104-artzi,
  author = {Shay Artzi and Adam Kiezun and David Glasser and Michael D. Ernst},
  title = {Combined Static and Dynamic Mutability Analysis},
  booktitle = {ASE},
  year = 2007,
  month = nov,
  pages = {104--113},
}

@inproceedings{popl-2008-p183-unkel,
  author = {Christopher Unkel and Monica S. Lam},
  title = {Automatic Inference of Stationary Fields: a Generalization of {Java}'s
           Final Fields},
  booktitle = {POPL},
  year = 2008,
  month = jan,
  pages = {183--195},
}

@Misc{sutter13:_gotw_solut,
  author =    {Herb Sutter},
  title =     {{GotW} \#6a Solution: Const-Correctness, Part 1},
  howpublished = {\url{http://herbsutter.com/2013/05/24/gotw-6a-const-correctness-part-1-3/}},
  month =     may,
  year =      2013,
  note =      {Accessed Dec 2015}}


@inproceedings{NelsonPearceNoble12ProfilingFieldInitialisationJava,
         title = {Profiling Field Initialisation in {Java}},
        author = {Stephen Nelson and David J. Pearce and James Noble},
     booktitle = {RV},
          year = {2012},
         pages = {292--307},
        series = {LNCS},
        volume = {7687},
           doi = {10.1007/978-3-642-35632-2_28},
          link = {http://dx.doi.org/10.1007/978-3-642-35632-2_28}
}

@Misc{fang:_person,
  author =    {Felix Fang},
  title =     {Personal communication},
  year =      {2015}}


@incollection{lncs-2013-7850-potanin,
  author = {Alex Potanin and Johan {\"{O}}stlund and Yoav Zibin and
            Michael D. Ernst},
  title = {Immutability},
  booktitle = {Aliasing in Object-Oriented Programming. Types, Analysis and
               Verification},
  series = {LNCS},
  pages = {233--269},
  year = 2013,
	volume = {7850},
}
